<?xml version="1.0" encoding="UTF-8"?>
<collection xmlns:xsi="http://www.w3.org/2001/XMLSchema-instance" xsi:schemaLocation="http://www.loc.gov/MARC21/slim http://www.loc.gov/standards/marcxml/schema/MARC21slim.xsd" xmlns="http://www.loc.gov/MARC21/slim">
<record>
  <leader>00950nam a22001811  4500</leader>
  <controlfield tag="001">3073622</controlfield>
  <controlfield tag="003">NNC</controlfield>
  <controlfield tag="005">20030429142358.0</controlfield>
  <controlfield tag="008">010827s1905    ua a          000 0 ara d</controlfield>
  <datafield tag="035" ind1=" " ind2=" ">
    <subfield code="a">(OCoLC)ocm47847578</subfield>
  </datafield>
  <datafield tag="035" ind1=" " ind2=" ">
    <subfield code="9">ATP6755CU</subfield>
  </datafield>
  <datafield tag="040" ind1=" " ind2=" ">
    <subfield code="a">ZCU</subfield>
    <subfield code="c">ZCU</subfield>
  </datafield>
  <datafield tag="099" ind1=" " ind2=" ">
    <subfield code="a">893.73</subfield>
    <subfield code="a">W126</subfield>
  </datafield>
  <datafield tag="100" ind1="1" ind2=" ">
    <subfield code="a">Waḥdī, Muḥammad Farīd.</subfield>
  </datafield>
  <datafield tag="245" ind1="1" ind2="0">
    <subfield code="a">Kanz al-ʻulūm wa-al-lughah;</subfield>
    <subfield code="b">dāʾirat maʻārif ʻāmmah taḥtawī ʻalā faṣīh al-lughah al-ʻarabīyah wakhulāṣāt al-ʻulūm al-naqlīyah wa-al-ʻaqlīyah wa-al-ṭabīʻīyah wa-al-tārīkhīyah wa-al-ʻumrānīyah watarājim al-mashāhīr wafīhā min al-fawāʾid al-ṭibbīyah wa-al-ʻilājīyah wa-al-wasāʾil al-ḥayawī-yah mā yaḥtāj al-insān ilayhi fī sāʾir ahwālihī al-maʻīshīyah.</subfield>
    <subfield code="c">Taʾlīf Muḥammad Farīd Waḥdī.</subfield>
  </datafield>
  <datafield tag="260" ind1=" " ind2=" ">
    <subfield code="a">Miṣr,</subfield>
    <subfield code="b">Maṭb. al-Wāʻiz,</subfield>
    <subfield code="c">1323 h., 1905 m.</subfield>
  </datafield>
  <datafield tag="300" ind1=" " ind2=" ">
    <subfield code="a">858, 16 p.</subfield>
    <subfield code="c">illus.</subfield>
  </datafield>
  <datafield tag="955" ind1=" " ind2=" ">
    <subfield code="b">CU58882715</subfield>
    <subfield code="d">off,glx</subfield>
    <subfield code="e">893.73 W126</subfield>
  </datafield>
</record>
</collection>